@misc{java-early,
   author = {{SUN/ORACLE}},
   title = {{Java Technology: The Early Years}},
   note = "Online document, available at: \url{http://web.archive.org/web/20050420081440/http://java.sun.com/features/1998/05/birthday.html} -- Last Retrieved: August 19, 2014",
}

@misc{java-history-wiki,
   author = {{Wikimedia Foundation Inc.}},
   title = {{Java Technology}},
   note = "Online document, available at: \url{http://en.wikipedia.org/wiki/Java_\%28programming_language\%29} -- Last Retrieved: August 19, 2014"
}

@misc{jdk-download-page,
	author = {{SUN/ORACLE}},
	title = {{Java Development Kit Download Page}},
	note = "Online, available at: \url{http://www.oracle.com/technetwork/java/javase/downloads/index.html} -- Last Retrieved: August 19, 2014"
}

@misc{javac-tooldoc,
	author = {{SUN/ORACLE}},
	title = {{javac Tooldoc}},
	note = "Online, available at: \url{http://docs.oracle.com/javase/1.4.2/docs/tooldocs/windows/javac.html} -- Last Retrieved: August 19, 2014"
}

@misc{java-tooldoc,
	author = {{SUN/ORACLE}},
	title = {{java Tooldoc}},
	note = "Online, available at: \url{http://docs.oracle.com/javase/1.4.2/docs/tooldocs/windows/java.html} -- Last Retrieved: August 19, 2014"
}

