@misc{debugging,
   author = {{Wikipedia}},
   title = {{Debugging}},
   note = "Online, available at: \url{http://en.wikipedia.org/wiki/Debugging} -- Last Retrieved: October 17, 2014",
}

@misc{debugger,
   author = {{Wikipedia}},
   title = {{Debugger}},
   note = "Online, available at: \url{http://en.wikipedia.org/wiki/Debugger} -- Last Retrieved: October 17, 2014",
}



