@misc{oracle2018,
	author = Oracle,
	OPTtitle = {Java Client Roadmap Update},
	year = {2018},
	note = {\url{https://www.oracle.com/technetwork/java/javase/javaclientroadmapupdate2018mar-4414431.pdf}}
}
	

