@misc{debugging,
   author = {{Wikipedia}},
   title = {{Debugging}},
   note = "Online, available at: \url{http://en.wikipedia.org/wiki/Debugging} -- Last Retrieved: October 14, 2016"
}

@misc{debugger,
   author = {{Wikipedia}},
   title = {{Debugger}},
   note = "Online, available at: \url{http://en.wikipedia.org/wiki/Debugger} -- Last Retrieved: October 14, 2016"
}

@misc{heisenbug,
   author = {{Wikipedia}},
   title = {{Heisenbug}},
   note = "Online, available at: \url{https://en.wikipedia.org/wiki/Heisenbug} -- Last Retrieved: October 14, 2016"
}





